% This file was created with JabRef 2.10.
% Encoding: UTF8

@manual{abntex2modelo,
  title         = {Modelo Can{\^o}nico de Trabalho Acad{\^e}mico com abnTeX2},
  author        = {abnTeX2},
  organization  = {Equipe abnTeX2},
  year          = {2013},
  annote        = {Este documento {\'e} derivado do \cite{abnt-bibtex-doc}},
  bdsk-url-1    = {http://code.google.com/p/abntex2/},
  date-added    = {2013-01-12 22:55:32 +0000},
  date-modified = {2013-02-04 12:05:54 +0000},
  owner         = {Smarzaro},
  timestamp     = {2014.04.03},
  url           = {http://abntex2.googlecode.com/}
}

@manual{abntex2modelo-artigo,
  title         = {Modelo Can{\^o}nico de Artigo Cient{\'\i}fico com abnTeX2},
  author        = {abnTeX2},
  organization  = {Equipe abnTeX2},
  year          = {2013},
  annote        = {Este documento {\'e} derivado do \cite{abnt-bibtex-doc}},
  bdsk-url-1    = {http://code.google.com/p/abntex2/},
  date-added    = {2013-01-15 00:10:35 +0000},
  date-modified = {2013-02-04 12:05:47 +0000},
  owner         = {Smarzaro},
  timestamp     = {2014.04.03},
  url           = {http://abntex2.googlecode.com/}
}

@misc{abntex2-wiki-como-customizar,
  title         = {Como customizar o abnTeX2},
  author        = {abnTeX2},
  howpublished  = {Wiki do abnTeX2},
  year          = {2013},
  bdsk-url-1    = {https://code.google.com/p/abntex2/wiki/ComoCustomizar},
  date-added    = {2013-03-23 21:39:21 +0000},
  date-modified = {2013-03-23 21:44:20 +0000},
  keywords      = {wiki},
  owner         = {Smarzaro},
  timestamp     = {2014.04.03},
  url           = {https://code.google.com/p/abntex2/wiki/ComoCustomizar},
  urlaccessdate = {23 mar. 2013}
}

@manual{abntex2cite,
  title         = {O pacote abntex2cite: Estilos bibliogr{\'a}ficos compat{\'\i}veis com a ABNT NBR 6023},
  author        = {abnTeX2 and Lauro C{\'e}sar Araujo},
  organization  = {Equipe abnTeX2},
  year          = {2013},
  annote        = {Este documento {\'e} derivado do \cite{abnt-bibtex-doc}},
  bdsk-url-1    = {http://code.google.com/p/abntex2/},
  date-added    = {2013-01-09 10:37:45 +0000},
  date-modified = {2013-04-05 10:47:36 +0000},
  owner         = {Smarzaro},
  timestamp     = {2014.04.03},
  url           = {http://abntex2.googlecode.com/}
}

@manual{abntex2cite-alf,
  title         = {O pacote abntex2cite: t{\'o}picos espec{\'\i}ficos da ABNT NBR 10520:2002 e o estilo bibliogr{\'a}fico alfab{\'e}tico (sistema autor-data)},
  author        = {abnTeX2 and Lauro C{\'e}sar Araujo},
  organization  = {Equipe abnTeX2},
  year          = {2013},
  annote        = {Este documento {\'e} derivado do \cite{abnt-bibtex-alf-doc}},
  bdsk-url-1    = {http://code.google.com/p/abntex2/},
  date-added    = {2013-01-09 10:37:45 +0000},
  date-modified = {2013-04-05 11:03:05 +0000},
  owner         = {Smarzaro},
  timestamp     = {2014.04.03},
  url           = {http://abntex2.googlecode.com/}
}

@manual{abntex2classe,
  title         = {A classe abntex2: Modelo can{\^o}nico de trabalhos acad{\^e}micos brasileiros compat{\'\i}vel com as normas ABNT NBR 14724:2011, ABNT NBR 6024:2012 e outras},
  author        = {abnTeX2 and Lauro C{\'e}sar Araujo},
  organization  = {Equipe abnTeX2},
  year          = {2013},
  bdsk-url-1    = {http://code.google.com/p/abntex2/},
  date-added    = {2013-01-09 10:37:38 +0000},
  date-modified = {2013-04-05 11:03:48 +0000},
  owner         = {Smarzaro},
  timestamp     = {2014.04.03},
  url           = {http://abntex2.googlecode.com/}
}

@book{Dongen2012,
  title     = {LaTeX and Friends},
  author    = {M. R. C. van Dongen},
  publisher = {Springer},
  year      = {2012},
  month     = {jan},
  isbn      = {978-36-4223-816-1}
}

@book{ibge1993,
  title         = {Normas de apresenta{\c c}{\~a}o tabular},
  author        = {IBGE},
  publisher     = {Centro de Documenta{\c c}{\~a}o e Dissemina{\c c}{\~a}o de Informa{\c c}{\~o}es. Funda{\c c}{\~a}o Intituto Brasileiro de Geografia e Estat{\'\i}stica},
  year          = {1993},
  address       = {Rio de Janeiro},
  edition       = {3},
  date-added    = {2013-08-21 13:56:10 +0000},
  date-modified = {2013-08-21 13:56:10 +0000},
  organization  = {http://biblioteca.ibge.gov.br/visualizacao/livros/liv23907.pdf},
  owner         = {Smarzaro},
  timestamp     = {2014.04.03},
  urlaccessdate = {21 ago 2013}
}

@book{LeslieLamport90,
  title     = {LaTeX: A Document Preparation System},
  author    = {Leslie Lamport},
  publisher = {TBS},
  year      = {1994},
  month     = {jul},
  isbn      = {81-7758-414-6}
}

@book{FrankMittelbach111,
  title     = {The LaTeX Companion},
  author    = {Frank Mittelbach and Michel Goossens and Johannes Braams and David Carlisle and Chris Rowley},
  publisher = {Addison-Wesley},
  year      = {2004},
  month     = {mai},
  isbn      = {978-02-0136-299-2}
}

@manual{memoir,
  title         = {The Memoir Class for Configurable Typesetting - User Guide},
  address       = {Normandy Park, WA},
  author        = {Peter Wilson and Lars Madsen},
  organization  = {The Herries Press},
  year          = {2010},
  bdsk-url-1    = {http://ctan.tche.br/macros/latex/contrib/memoir/memman.pdf},
  date-added    = {2013-01-09 10:37:50 +0000},
  date-modified = {2013-03-21 13:23:25 +0000},
  owner         = {Smarzaro},
  timestamp     = {2014.04.03},
  url           = {http://mirrors.ctan.org/macros/latex/contrib/memoir/memman.pdf},
  urlaccessdate = {19 dez. 2012}
}


@mastersthesis{tesedamaris,
  author = {Dâmaris Pires Arruda},
  title  = {Um framework para facilitar as interações entre dispositivos móveis e pessoas idosas},
  school = {Universidade Federal de Viçosa},
  year   = {2019}
}

@article{pesquisati,
  author  = {Fernando de Souza Meirelles},
  title   = {31a Pesquisa Anual do Uso de TI},
  journal = {},
  volume  = {},
  number  = {},
  year    = {2020},
  month   = {jun},
  url     = {https://eaesp.fgv.br/producao-intelectual/pesquisa-anual-uso-ti}
}